@article{duffie2019prone,
  title={Prone to fail: The pre-crisis financial system},
  author={Duffie, Darrell},
  journal={Journal of Economic Perspectives},
  volume={33},
  number={1},
  pages={81--106},
  year={2019}
}

@book{kotler2000introduccao,
  title={Introdu{\c{c}}{\~a}o ao marketing},
  author={Kotler, Philip and Amstrong, Gary},
  year={2000},
  publisher={Livros Tecnicos e Cientificos}
}

@book{hoffman1988right,
  title={The right to be human: A biography of Abraham Maslow},
  author={Hoffman, Edward},
  year={1988},
  publisher={JP Tarcher Los Angeles, CA}
}

@article{chong2019development,
  title={The development of Hong Kong housing market: past, present and future},
  author={Chong, Terence Tai Leung and Li, Xiaoyang},
  journal={Economic and Political Studies},
  pages={1--20},
  year={2019},
  publisher={Taylor \& Francis}
}

 @MastersThesis{guerreiro2012determinantes,
  title={Determinantes no pre{\c{c}}o de um im{\'o}vel: uma an{\'a}lise hed{\'o}nica no contexto algarvio},
  author={Guerreiro, Ant{\'o}nio Eug{\'e}nio Rocheta},
  year={2012}
}

@article{moreira2000dinamica,
  title={A din{\^a}mica p{\'u}blica local e o valor da habita{\c{c}}{\~a}o: uma aplica{\c{c}}{\~a}o {\`a} {\'a}rea metropolitana do Porto},
  author={Moreira, Marta Susana Gomes},
  year={2000},
  journal={repositorio-aberto.up.pt}
}

@phdthesis{varao2019determinants,
  title={The determinants of housing prices in Portugal between 2000 and 2015},
  author={Var{\~a}o, Manuel Maria G{\'o}is Ferreira Proen{\c{c}}a},
  year={2019}
}

@article{adair1996hedonic,
  title={Hedonic modelling, housing submarkets and residential valuation},
  author={Adair, Alastair S and Berry, Jim N and McGreal, W Stanley},
  journal={Journal of property Research},
  volume={13},
  number={1},
  pages={67--83},
  year={1996},
  publisher={Taylor \& Francis}
}


@misc{Idealista, 
title = {Nos últimos 2 anos notamos uma tendência muito maior para os reembolsos antecipados},
author={Idealista},
year={2019},
url ={https://www.idealista.pt/news/financas/credito-a-habitacao/2019/09/09/40783-uci},
note = {Accessed: 2020-01-21}
}

@inproceedings{peng2003real,
  title={Real estate indicators in Hong Kong},
  author={Peng, Wensheng},
  booktitle={Conference on Real Estate Indicators and Financial Stability},
  volume={27},
  pages={28},
  year={2003}
}


@article{tsatsaronis2004drives,
  title={What drives housing price dynamics: cross-country evidence},
  author={Tsatsaronis, Kostas and Zhu, Haibin},
  journal={BIS Quarterly Review, March},
  year={2004}
}

@book{constitucional1976constituiccao,
  title={Constitui{\c{c}}{\~a}o da Rep{\'u}blica portuguesa, VII Revis{\~a}o},
  author={República~Portuguesa},
  year={1976},
  publisher={Lisboa}
}



@book{BancoPortugal,
  title={Relat{\'o}rio de estabilidade financeira},
  author={Banco~de~Portugal},
  year={2019},
  url={https://www.bportugal.pt/sites/default/files/anexos/pdf-boletim/ref_06_2018_pt.pdf},
  note={Accessed: 2020-01-21}
}


@article{winston2008sustainable,
  title={Sustainable housing in the urban context: international sustainable development indicator sets and housing},
  author={Winston, Nessa and Eastaway, Montserrat Pareja},
  journal={Social Indicators Research},
  volume={87},
  number={2},
  pages={211--221},
  year={2008},
  publisher={Springer}
}


@article{kaya2014determination,
  title={Determination of the factors that affect house prices in Turkey by using hedonic pricing model},
  author={Kaya, Asl{\i} and Atan, Murat},
  journal={Journal of Business Economics and Finance},
  volume={3},
  number={3},
  pages={313--327},
  year={2014}
}

@article{alkana2015housing,
  title={Housing market differentiation: the cases of Yenimahalle and {\c{C}}ankaya in Ankara},
  author={Alkana, Leyla and others},
  journal={International Journal of Strategic Property Management},
  volume={19},
  number={1},
  pages={13--26},
  year={2015},
  publisher={Vilnius Gediminas Technical University}
}

@article{mcgreal2013implicit,
  title={Implicit house prices: Variation over time and space in Spain},
  author={McGreal, Stanley and Taltavull de La Paz, Paloma},
  journal={Urban Studies},
  volume={50},
  number={10},
  pages={2024--2043},
  year={2013},
  publisher={SAGE Publications Sage UK: London, England}
}

@article{mcgreal2013implicit2,
  title={Implicit house prices: Variation over time and space in Spain},
  author={McGreal, Stanley and Taltavull de La Paz, Paloma},
  journal={Urban Studies},
  volume={50},
  number={10},
  pages={2024--2043},
  year={2013},
  publisher={SAGE Publications Sage UK: London, England}
}

@misc{INE, 
title = {INE -- Instituto Nacional de Estatística},
url ={https://www.ine.pt},
year={2019-20}
}

@article{rappaport2008consumption,
  title={Consumption amenities and city population density},
  author={Rappaport, Jordan},
  journal={Regional Science and Urban Economics},
  volume={38},
  number={6},
  pages={533--552},
  year={2008},
  publisher={Elsevier}
}

@article{calcagno2009effect,
  title={The effect of house prices on household consumption in Italy},
  author={Calcagno, Riccardo and Fornero, Elsa and Rossi, MC},
  journal={The Journal of Real Estate Finance and Economics},
  volume={39},
  number={3},
  pages={284},
  year={2009},
  publisher={Springer}
}


  @misc{alves,
    author = {Alves~e~Pinheiro},
    title = {{O Setor Imobiliário em Portugal}},
    howpublished = {\url{https://www.bancobpi.pt/nocachecontent/conn/UCM/uuid/dDocName:PR_WCS01_UCM01061085}},
    note = {Accessed: 2020-01-15},
    journal={Mercados Financeiros, BPI},
    year={2017}
    }
    
    @article{fuller2020housing,
  title={Housing prices and wealth inequality in Western Europe},
  author={Fuller, Gregory W and Johnston, Alison and Regan, Aidan},
  journal={West European Politics},
  volume={43},
  number={2},
  pages={297--320},
  year={2020},
  publisher={Taylor \& Francis}
}

@article{archer2010ownership,
  title={Ownership duration in the residential housing market: the influence of structure, tenure, household and neighborhood factors},
  author={Archer, Wayne R and Ling, David C and Smith, Brent C},
  journal={The Journal of Real Estate Finance and Economics},
  volume={40},
  number={1},
  pages={41--61},
  year={2010},
  publisher={Springer}
}

@article{johnes1999house,
  title={House prices and regional labor markets},
  author={Johnes, Geraint and Hyclak, Thomas},
  journal={The Annals of Regional Science},
  volume={33},
  number={1},
  pages={33--49},
  year={1999},
  publisher={Springer}
}


@article{robson2003housing,
  title={Housing markets and regional unemployment flows in Great Britain},
  author={Robson, Martin T},
  journal={The Manchester School},
  volume={71},
  number={2},
  pages={132--155},
  year={2003},
  publisher={Wiley Online Library}
}


@article{borio2004twin,
  title={Twin peaks in equity and housing prices?},
  author={Borio, Claudio EV and McGuire, Patrick},
  journal={BIS Quarterly Review},
  year={2004}
}

@article{zambrano2016formacion,
  title={Formaci{\'o}n de los precios de alquiler de viviendas en Machala (Ecuador): an{\'a}lisis mediante el m{\'e}todo de precios hed{\'o}nicos},
  author={Zambrano-Monserrate, Manuel A},
  journal={Cuadernos de Econom{\'\i}a},
  volume={39},
  number={109},
  pages={12--22},
  year={2016},
  publisher={Elsevier}
}


@article{chasco2012externalidades,
  title={Externalidades ambientales y precio de la vivienda en Madrid: Un an{\'a}lisis con regresi{\'o}n cuant{\'\i}lica espacial},
  author={Chasco Yrigoyen, C and S{\'a}nchez Reyes, B},
  journal={Revista Galega de Econom{\'\i}a},
  volume={21},
  pages={1--21},
  year={2012}
}


@article{fitch2013valuacion,
  title={Valuaci{\'o}n de la calidad urbano-ambiental. Una modelaci{\'o}n hed{\'o}nica: San Nicol{\'a}s de los Garza, M{\'e}xico},
  author={Fitch Osuna, Jes{\'u}s Manuel and Soto Canales, Karina and Garza Mendiola, Ricardo},
  journal={Estudios demogr{\'a}ficos y urbanos},
  volume={28},
  number={2},
  pages={383--428},
  year={2013},
  publisher={El Colegio de M{\'e}xico}
}

@article{ermisch1996demand,
  title={The demand for housing in Britain and population ageing: microeconometric evidence},
  author={Ermisch, John},
  journal={Economica},
  pages={383--404},
  year={1996},
  publisher={JSTOR}
}


@article{bayet1991choix,
  title={Les choix de consommation des m{\'e}nages: une question de revenu avant tout},
  author={Bayet, Alain and Guegano, Yves and Hourriez, Jean-Michel and Chambaz, Christine},
  year={1991},
  publisher={Insee}
}

@article{eichholtz2014demographics,
  title={Demographics, human capital, and the demand for housing},
  author={Eichholtz, Piet and Lindenthal, Thies},
  journal={Journal of housing economics},
  volume={26},
  pages={19--32},
  year={2014},
  publisher={Elsevier}
}

@article{brasington2015house,
  title={House price impacts of racial, income, education, and age neighborhood segregation},
  author={Brasington, David M and Hite, Diane and Jauregui, Andres},
  journal={Journal of Regional Science},
  volume={55},
  number={3},
  pages={442--467},
  year={2015},
  publisher={Wiley Online Library}
}

@article{liu2018determinants,
  title={Determinants of Housing Purchase Decision: An Empirical Study of the High Education Cohort in Urban China},
  author={Liu, Yan and Li, Zhichao},
  journal={Journal of Asian Architecture and Building Engineering},
  volume={17},
  number={2},
  pages={299--305},
  year={2018},
  publisher={Taylor \& Francis}
}

@article{gyourko1996analysis,
  title={Analysis of the changing influences on traditional households' ownership patterns},
  author={Gyourko, Joseph and Linneman, Peter},
  journal={Journal of Urban Economics},
  volume={39},
  number={3},
  pages={318--341},
  year={1996},
  publisher={Elsevier}
}


@article{chevan1982age,
  title={Age, housing choice, and neighborhood age structure},
  author={Chevan, Albert},
  journal={American Journal of Sociology},
  volume={87},
  number={5},
  pages={1133--1149},
  year={1982},
  publisher={University of Chicago Press}
  }
  
  @article{gau1994tax,
  title={The tax-induced holding periods of real estate investors: theory and empirical evidence},
  author={Gau, George W and Wang, Ko},
  journal={The Journal of Real Estate Finance and Economics},
  volume={8},
  number={1},
  pages={71--85},
  year={1994},
  publisher={Springer}
}


@article{xu2017relationship,
  title={The relationship between interest rates, Income, GDP growth and house prices},
  author={Xu, Ting},
  journal={Research in Economics and Management},
  volume={2},
  number={1},
  pages={30--37},
  year={2017}
}

@article{katz1987interjurisdictional,
  title={The interjurisdictional effects of growth controls on housing prices},
  author={Katz, Lawrence and Rosen, Kenneth T},
  journal={The Journal of Law and Economics},
  volume={30},
  number={1},
  pages={149--160},
  year={1987},
  publisher={The University of Chicago Press}
}

@book{Hair2010,
  title={Multivariate Data Analysis},
  author={Hair, Joseph  and Black, William  and  Babin, Barry and Anderson, Rolph},
  number={7},
  year={2010},
  publisher={New Jersey Pearson}
  }
  
  
  @article{Maroco2010,
  title={An{\'a}lise Estat{\'\i}stica com o SPSS statistics},
  author={Mar{\^o}co, Jo{\~a}o},
  journal={ReportNumber, Lda},
  year={2010}
}
% Adicionei a partir daqui
@inproceedings{calmasur2016determining,
  title={Determining Factors Affecting Housing Prices in Turkey with Hedonic Pricing Model},
  author={Calmasur, Gurkan},
  booktitle={International Conference on Business and Economics Studies, Washington DC, USA},
  pages={255--269},
  year={2016}
}

@article{XIAO2020,
title = {The housing market impacts of human activities in public spaces: The case of the square dancing},
author={Yue Xiao and Eddie C.M. Hui and Haizhen Wen},
journal={Urban Forestry & Urban Greening},
volume={54},
pages={126769},
year={2020}
}

@book{BancoPortugal1,
  title={Relat{\'o}rio de estabilidade financeira},
  author={Banco~de~Portugal},
  year={2020},
  url={https://www.bportugal.pt/sites/default/files/anexos/pdf-boletim/ref_06_2020_pt.pdf},
  note={Accessed: 2020-12-12}
}


@inproceedings {Yanan2017,
  title = {The Impact of Demographic Structure on Housing Price: Evidence from Macau},
  author = {Song Yanan},
  year = {2017},
  booktitle = {Proceedings of the 2017 International Conference on Economics, Finance and Statistics (ICEFS 2017)},
  pages = {268-272},
  editor = {Atlantis Press}
}




@article{Huang2002,
author = {Youqin Huang and William A. V. Clark},
title ={Housing Tenure Choice in Transitional Urban China: A Multilevel Analysis},
journal = {Urban Studies},
volume = {39},
number = {1},
pages = {7-32},
year = {2002},
}

@article{hui2007measuring,
  title={Measuring the neighboring and environmental effects on residential property value: Using spatial weighting matrix},
  author={Hui, Eddie CM and Chau, Chi Kwan and Pun, Lilian and Law, MY},
  journal={Building and environment},
  volume={42},
  number={6},
  pages={2333--2343},
  year={2007},
  publisher={Elsevier}
}

@article{tsai2011bubbles,
  title={Bubbles in the Taiwan housing market: The determinants and effects},
  author={Tsai, I Chun and Peng},
  journal={Habitat International},
  volume={35},
  number={2},
  pages={379--390},
  year={2011},
  publisher={Elsevier}
}

@article{gupta2010effect,
  title={The effect of monetary policy on house price inflation},
  author={Gupta, Rangan and Kabundi, Alain},
  journal={Journal of Economic Studies},
  year={2010},
  publisher={Emerald Group Publishing Limited}
}

@article{song2003new,
  title={New urbanism and housing values: a disaggregate assessment},
  author={Song, Yan and Knaap, Gerrit-Jan},
  journal={Journal of Urban Economics},
  volume={54},
  number={2},
  pages={218--238},
  year={2003},
  publisher={Elsevier}
}


@article{article,
author = {Zhou, Qian and Shao, Qinglong and Zhang, Xiaoling and Chen, Jie},
year = {2020},
month = {02},
pages = {104410},
title = {Do housing prices promote total factor productivity? Evidence from spatial panel data models in explaining the mediating role of population density},
volume = {91},
journal = {Land Use Policy},
doi = {10.1016/j.landusepol.2019.104410}
}



@article{reis2001estatistica,
  title={Estat{\'\i}stica multivariada aplicada},
  author={Reis, Elizabeth},
  journal={Edi{\c{c}}{\~o}es S{\'\i}labo},
  year={2001}
}